@article{Whitted80,
  author={Whitted, Turner},
  title={{An Improved Illumination Model for Shaded Display}},
  journal={Commun. ACM},
  issue_date={June 1980},
  volume={23},
  number={6},
  month={Jun},
  year={1980},
  issn={0001-0782},
  pages={343--349},
  publisher={ACM},
  address={New York, NY, USA},
}

@article{Amanatides84,
  author={Amanatides, John},
  title={{Ray Tracing with Cones}},
  journal={SIGGRAPH Computer Graphics},
  issue_date={July 1984},
  volume={18},
  number={3},
  month={Jan},
  year={1984},
  issn={0097-8930},
  pages={129--135},
  numpages={7},
  publisher={ACM},
  address={New York, NY, USA}
}

@article{Arvo87,
  author={Arvo, James and Kirk, David},
  title={{Fast Ray Tracing by Ray Classification}},
  journal={SIGGRAPH Computer Graphics},
  issue_date={July 1987},
  volume={21},
  number={4},
  month={Aug},
  year={1987},
  issn={0097-8930},
  pages={55--64},
  numpages={10},
  publisher={ACM},
  address={New York, NY, USA}
}

@article{Moller97,
  author={M{\"o}ller, Tomas},
  title={{A Fast Triangle-Triangle Intersection Test}},
  journal={Journal of Graphic Tools},
  issue_date={1997},
  volume={2},
  number={2},
  month={Nov},
  year={1997},
  issn={1086-7651},
  pages={25--30},
  numpages={6},
  publisher={A. K. Peters, Ltd.},
  address={Natick, MA, USA}
}

@article{Garanzha10,
  author={Garanzha, Kirill and Loop, Charles},
  title={{Fast Ray Sorting and Breadth-First Packet Traversal for GPU Ray Tracing}},
  journal={Computer Graphics Forum},
  volume={29},	
  number={2},
  month={May},
  year={2010}
  pages={289-298}
}

@inproceedings{Appel68,
  author={Appel, Arthur},
  title={{Some Techniques for Shading Machine Renderings of Solids}},
  booktitle={Proceedings of the April 30--May 2, 1968, Spring Joint Computer Conference},
  series={AFIPS '68 (Spring)},
  year={1968},
  location={Atlantic City, New Jersey},
  pages={37--45},
  numpages={9},
  publisher={ACM},
  address={New York, NY, USA}
}

@inproceedings{Gartner99,
  author={G{\"a}rtner, Bernd},
  title={{Fast and Robust Smallest Enclosing Balls}},
  booktitle={Proceedings of the 7th Annual European Symposium on Algorithms},
  series={ESA '99},
  year={1999},
  isbn={3-540-66251-0},
  pages={325--338},
  numpages={14},
  publisher={Springer-Verlag},
  address={London, UK, UK}
}

@inproceedings{Roger07,
  author={Roger, David and Assarsson, Ulf and Holzschuch, Nicolas},
  title={{Whitted Ray-tracing for Dynamic Scenes Using a Ray-space Hierarchy on the GPU}},
  booktitle={Proceedings of the 18th Eurographics Conference on Rendering Techniques},
  series={EGSR '07},
  year={2007},
  isbn={978-3-905673-52-4},
  location={Grenoble, France},
  pages={99--110},
  numpages={12},
  publisher={Eurographics Association},
  address={Aire-la-Ville, Switzerland, Switzerland}
}

@inproceedings{Merrill11,
  author={Merrill, Duane G. and Grimshaw, Andrew S.},
  title={{Revisiting Sorting for GPGPU Stream Architectures}},
  booktitle={Proceedings of the 19th International Conference on Parallel Architectures and Compilation Techniques},
  series={PACT '10},
  year={2010},
  isbn={978-1-4503-0178-7},
  location={Vienna, Austria},
  pages={545--546},
  numpages={2},
  publisher={ACM},
  address={New York, NY, USA}
}

@book{GraphicGems5,
  editor={Paeth, Alan W.},
  title={{Graphics Gems V}},
  year={1995},
  isbn={012543457X},
  publisher={Academic Press, Inc.}
}

@book{GPUGems2,
  author={Pharr, Matt and Fernando, Randima},
  title={{GPU Gems 2: Programming Techniques for High-Performance Graphics and General-Purpose Computation}},
  series={GPU Gems},
  year={2005},
  isbn={0321335597},
  publisher={Addison-Wesley Professional}
}

@book{Ericson04,
  author={Ericson, Christer},
  title={{Real-Time Collision Detection}},
  series={Series in Interactive 3-D Technology},
  year={2004},
  isbn={1558607323},
  publisher={Morgan Kaufmann Publishers Inc.}
}

@techreport{Blelloch90,
  author={Blelloch, Guy E},
  title={{Prefix Sums and their Applications}},
  year={1990}
}

@techreport{Merrill09,
  author={Merrill, Duane and Grimshaw, Andrew},
  title={{Parallel Scan for Stream Architectures}},
  year={2009},
  institution={University of Virginia, Department of Computer Science},
  location={Charlottesville, VA, USA}
}

@inproceedings{Szecsi06,
  title={{The Hierarchical Ray Engine}},
  author={Sz{\'e}csi, L{\'a}szl{\'o}},
  booktitle={WSCG Full Papers Proceedings},
  pages={249--256},
  year={2006},
  publisher={V{\'a}clav Skala-UNION Agency}
}

@inproceedings{Aila10,
  title={{Architecture Considerations for Tracing Incoherent Rays}},
  author={Aila, Timo and Karras, Tero},
  booktitle={Proceedings of the Conference on High Performance Graphics},
  pages={113--122},
  year={2010},
  organization={Eurographics Association}
}

@inproceedings{Ritschel12,
  title={{The State of the Art in Interactive Global Illumination}},
  author={Ritschel, Tobias and Dachsbacher, Carsten and Grosch, Thorsten and Kautz, Jan},
  booktitle={Computer Graphics Forum},
  volume={31},
  number={1},
  pages={160--188},
  year={2012},
  organization={Wiley Online Library}
}

@article{Bradshaw04,
  title={{Adaptive Medial-Axis Approximation for Sphere-tree Construction}},
  author={Bradshaw, Gareth and O'Sullivan, Carol},
  journal={ACM Transactions on Graphics (TOG)},
  volume={23},
  number={1},
  pages={1--26},
  year={2004},
  publisher={ACM}
}
