@ARTICLE (Ama84,
	author = {Amanatides},
	title = {Ray tracing with cones},
	journal = {Placeholder},
	year = {1984} )

@INPROCEEDING (Appel68,
	author = {Arthur Appel},
	title = {Some techniques for shading machine renderings of solids},
	journal = {AFIPS Spring Joint Computer Conference},
	year = {1968} )

@ARTICLE{ArvoKirk87,
	author = {James Arvo and David Kirk},
	title = {Fast Ray Tracing by Ray Classification},
	journal = {ACM SIGGRAPH Computer Graphics},
	year = {1987} }

@ARTICLE{GaranzhaLoop10,
	author = {Kirill Garanzha and Charles Loop},
	title = {Fast Ray Sorting and Breadth-First Packet Traversal for GPU Ray Tracing},
	journal = {Eurographics},
	year = {2010} }

@INPROCEEDING{Roger07,
	author = {D. Roger and U. Assarsson and N. Holzschuch},
	title = {Whitted Ray-Tracing for Dynamic Scenes using a Ray-Space Hierarchy on the GPU},
	journal = {Placeholder},
	year = 2007 }
	
@INPROCEEDING{RAHStream07,
	author = {D. Roger and U. Assarsson and N. Holzschuch},
	title = {Efficient Stream Reduction on the GPU},
	journal = {Eurographics conference on Rendering Techniques},
	year = 2007 }

@ARTICLE{Satish09,
	author = {Nadathur Satish and Mark Harris and Michael Garland},
	title = {Designing Efficient Sorting Algorithms for Manycore GPUs},
	journal = {Nvidia},
	year = {2009} }
	
@ARTICLE{Sengupta08,
	author = {Shubhabrata Sengupta and Mark Harris and Michael Garland},
	title = {Efficient Parallel Scan Algorithms for GPUs},
	journal = {Nvidia},
	year = {2008} }

@ARTICLE{SimiakisDay94,
	author = {G. Simiakis and A. M. Day},
	title = {Five-dimensional Adaptive Subdivision for Ray Tracing},
	journal = {Computer Graphics forum},
	year = {1994} }

@ARTICLE (Whitted80,
	author = {Turner Whitted},
	title = {An improved illumination model for shaded display},
	journal = {Communications of the ACM},
	year = {1980} )