@INPROCEEDING (Appel68,
	author = {Arthur Appel},
	title = {Some techniques for shading machine renderings of solids},
	journal = {AFIPS Spring Joint Computer Conference},
	volume = {32},
	year = {1968} )

@ARTICLE{ArvoKirk87,
	author = {James Arvo and David Kirk},
	title = {Fast Ray Tracing by Ray Classification},
	journal = {ACM SIGGRAPH Computer Graphics},
	volume = {21},
	number = {4},
	pages = {55-64}
	month = {July},
	year = {1987} }

@ARTICLE{GaranzhaLoop10,
	author = {Kirill Garanzha and Charles Loop},
	title = {Fast Ray Sorting and Breadth-First Packet Traversal for GPU Ray Tracing},
	journal = {Eurographics},
	volume = {29},
	number = {2},
	year = {2010} }

@INPROCEEDING{Roger07,
	author = {D. Roger and U. Assarsson and N. Holzschuch},
	title = {Whitted Ray-Tracing for Dynamic Scenes using a Ray-Space Hierarchy on the GPU},
	journal = {Eurographics conference on Rendering Techniques},
	pages = {99-110}
	year = 2007 }

@ARTICLE{SimiakisDay94,
	author = {G. Simiakis and A. M. Day},
	title = {Five-dimensional Adaptive Subdivision for Ray Tracing},
	journal = {Computer Graphics forum},
	volume = {13},
	number = {2},
	pages = {133--140}
	year = {1994} }

@ARTICLE (Whitted80,
	author = {Turner Whitted},
	title = {An improved illumination model for shaded display},
	journal = {Communications of the ACM},
	volume = {23},
	year = {1980} )

